2008 3354
279 587 790 630 SUPPLEMENTUM
826 588 905 629 ET
938 587 1239 629 VARIETAS
1282 587 1611 630 LECTIONIS

537 714 576 754 Ε
600 714 736 755 COD.
759 715 943 755 BODL.
966 714 1156 755 AUCT.
1180 714 1237 754 T.
1258 714 1294 754 1.
1321 723 1358 767 7.

436 848 592 885 COLL.
629 849 746 886 CUM
783 849 972 886 OECUM.
1009 849 1096 886 ED.
1131 848 1297 885 PARIS.
1332 849 1444 896 1631.

706 1114 798 1155 ΕΡ.
823 1113 909 1155 AD
935 1113 1073 1156 GAL.
1103 1128 1139 1157 1.
1166 1115 1205 1157 8.

277 1205 516 1270 ἢἌγγελοζ
536 1208 578 1262 ἒξ
596 1207 770 1270 οὐρανοῦ]
813 1208 947 1264 ἐπειδὴ
970 1206 1038 1254 καὶ
1062 1208 1101 1255 οἶ
1121 1208 1237 1271 ἱερεῖς
1256 1209 1426 1271 ἄγγελοι
1448 1215 1677 1265 καλοῦνται,

209 1281 275 1329 διὰ
297 1287 419 1329 τοῦτο
443 1283 643 1345 ἐπήγαγεν
666 1291 694 1311 “
714 1283 756 1338 ἒξ
779 1283 976 1345 οὗρανοῦ.”
1692 1305 1714 1342 5

277 1363 326 1405 P.
353 1373 376 1417 7
392 1377 446 1407 20
470 1363 523 1405 Β.
560 1360 596 1405 εἷ
617 1360 696 1421 γὰρ
721 1358 962 1420 ἐβουλόμην.
995 1379 1096 1405 mox
1118 1357 1167 1406 ἂν
1190 1359 1371 1422 εἰχόμην.

287 1450 365 1493 721
395 1439 445 1482 C.
481 1434 506 1493 ἢ
528 1435 763 1496 προέκοπτον
784 1436 823 1483 ἔν
843 1458 883 1482 τ.
906 1441 1014 1498 πορθ.
1082 1441 1141 1482 D.
1164 1436 1399 1498 προέκοπτον
1420 1435 1508 1495 μέν.

285 1515 352 1556 Ib.
388 1510 452 1556 διὰ
474 1510 834 1565 κενοδοξίαν-πῶς
858 1511 947 1574 ἄρτι
972 1511 1172 1558 νῦν-ὑπο
1195 1517 1274 1575 Χρ.
1296 1522 1440 1574 παρελ.

287 1600 369 1644 722
392 1591 447 1632 Α.
481 1584 632 1647 μητρὶς
654 1585 789 1642 αὗτοῢ,
812 1605 896 1633 om.
920 1586 1014 1633 αὖτ.

287 1676 368 1722 725
406 1666 456 1708 C.
505 1663 706 1721 ἀσφαλῶς
743 1668 1032 1715 λαλεῖ-πῶς·
1058 1659 1108 1709 ἂν
1138 1661 1535 1725 ἕμαθον.-ἀὸελφόν
1564 1661 1680 1710 αὖτόν
1696 1684 1742 1708 10

217 1743 285 1784 τοῦ
309 1743 410 1800 Κυρ.
434 1744 568 1785 καλεῖ.
608 1774 611 1775 ⁷
639 1743 697 1785 D.
724 1735 791 1784 καὶ
814 1739 893 1802 γὰρ
917 1736 986 1785 καὶ
1009 1738 1125 1786 ἔκινὸ.

286 1829 371 1873 724
394 1819 446 1861 Β.
482 1812 639 1879 ἐπῄνουν
661 1836 715 1876 με
738 1814 762 1872 ἢ
787 1813 974 1872 ε’ὃὸξαζον.

287 1906 369 1951 725
394 1895 447 1936 Β.
481 1892 694 1953 περιτομὴν
715 1894 871 1938 κωλύοι.
941 1896 1000 1938 D.
1034 1892 1209 1938 ἀποκαλ.
1234 1891 1360 1950 φησιν
1383 1898 1451 1939 τοῦ
1475 1897 1553 1956 Χρ.

287 1973 370 2026 726
392 1973 447 2013 A.
484 1968 689 2014 τουτέστιν
711 1966 964 2030 ἀκρόβυστος
986 1970 1005 2014 ὅ
1028 1974 1166 2020 Τῖτος.

287 2058 367 2102 727
394 2049 447 2089 Β.
480 2042 543 2090 ἐπὶ
567 2042 704 2108 λοῖμῃ.
775 2049 825 2091 C.
859 2044 922 2097 τίς
945 2045 987 2091 δὲ
1010 2045 1131 2091 αὐτοῦ
1153 2047 1178 2102 ἧ
1200 2045 1317 2101 ἀληθ.
1696 2062 1740 2099 15

287 2125 369 2178 728
402 2124 457 2166 A.
504 2118 582 2166 ἀπὸ
621 2120 663 2166 δὲ
698 2127 770 2166 τῶν
804 2121 885 2167 ὃοκ.
920 2119 1079 2167 -οἷον
1113 2119 1193 2166 εἴτε
1228 2119 1333 2182 εὖαρ.
1370 2121 1676 2187 -ἕρυθριάσῃ,

221 2201 273 2243 Β.
292 2195 365 2242 ἅνω
389 2197 740 2258 παραγέγραπται,
760 2196 797 2243 ἐν
819 2202 874 2259 τῷ
895 2201 1149 2259 πεντηκοστῷ
1184 2195 1304 2259 ὅγὸὄῳ
1336 2196 1678 2261 ἀριθμῷ-κατα

218 2278 332 2319 τοῦτο
356 2272 398 2318 δέ
419 2294 487 2331 μοι
513 2271 745 2330 φησιν-ἔξ
768 2272 1004 2332 ἀφείλαντο.

289 2365 370 2409 729
395 2354 452 2395 D.
488 2350 644 2400 ἑαυτοῖς
668 2349 918 2406 ἐποιήσαντο.

288 2440 372 2486 730
395 2430 453 2471 D.
488 2423 552 2470 τὸν
575 2425 815 2470 διδάσκαλον
837 2423 975 2470 αὐτῶν.
1692 2445 1742 2469 20

289 2516 368 2562 731
392 2506 444 2547 B.
480 2507 552 2548 τῶν
575 2502 619 2547 ἔκ
642 2507 852 2560 περιτομῆς
878 2507 1040 2546 πιστῶν.
1109 2504 1251 2546 Schol.
1275 2506 1390 2558 quod
1412 2505 1496 2547 inc.
1520 2502 1566 2552 ὥς
1593 2501 1677 2564 εἴγε

221 2574 266 2623 τό
288 2577 433 2634 ἀληθὲς
457 2581 715 2622 OEcumenio
737 2580 888 2622 tribuit
912 2580 1140 2622 Cod.—C.
1165 2573 1438 2636 ἔναγαγᾶντος.

289 2667 371 2712 732
390 2657 443 2698 A.
480 2649 592 2702 οἶδας
623 2652 665 2697 δέ
695 2673 734 2697 τι
767 2673 860 2712 παρ.
901 2657 998 2697 Hoc
1035 2656 1177 2697 Schol.
1212 2661 1320 2697 teste
1357 2655 1464 2698 Cod.
1501 2656 1676 2698 OEcum.

222 2738 300 2774 est.
370 2733 422 2774 B.
447 2728 623 2775 δεδοικὼς
653 2727 810 2782 αὖτοὺς,
834 2747 918 2773 om.
941 2727 1195 2774 adn—dv?
1220 2725 1281 2773 ἵνα
1315 2727 1373 2786 μὴ
1409 2726 1678 2775 σκανὸ.-ἷ’να

222 2806 281 2862 μὴ
305 2806 330 2861 ἡ
354 2804 468 2850 οἶκον.
537 2809 595 2849 Ι).
619 2804 748 2867 ταύτῃ
772 2802 838 2849 καὶ
862 2802 908 2849 τό
933 2804 1001 2850 οὔκ
1025 2803 1099 2865 ἆρθ.
1693 2820 1711 2844 2
1718 2819 1739 2856 5

292 2894 373 2938 733
398 2883 450 2923 A.
484 2876 657 2939 μονονότι
682 2876 723 2923 οὗ
746 2884 934 2938 φανερῶς.
969 2881 1081 2923 τοῦτο
1098 2877 1176 2938 γὰρ
1194 2877 1500 2936 παρασκευάζει.
1537 2881 1589 2922 Β.
1615 2873 1676 2922 ἵνα

224 2953 502 3019 δείξῃμ-οἰντὶ
525 2960 593 3001 τοῦ
615 2955 750 3000 ἄνωθεν
774 2959 886 3000 τοῦτο
910 2952 977 2999 καὶ
1006 2953 1049 3000 ἔκ
1079 2951 1268 3015 προγόνων
1294 2950 1413 3002 ὄντες.
