1982 3354
427 524 900 577 MONITUM
959 526 1412 579 LECTORI.

254 802 565 849 CODICEM
598 806 677 864 qui
709 805 824 850 mihi
863 805 1238 852 Commentarios
1264 807 1500 854 Veterum
1526 808 1658 853 Grae-

186 907 347 937 corum
374 892 571 938 Patrum
607 894 654 938 in
695 894 955 954 Epistolam
995 895 1054 939 ad
1091 894 1286 940 Galatas
1324 900 1373 940 et
1409 903 1658 956 sequentes

186 978 348 1025 Sancti
375 980 509 1026 Pauli
531 981 767 1042 Epist-olas
792 983 1124 1042 suppeditavit,
1144 983 1212 1028 ita
1230 983 1474 1044 descripsit
1495 984 1660 1029 Mont-

185 1067 368 1113 faucon.
392 1069 441 1112 in
473 1069 702 1131 Catalogo
727 1069 954 1115 Biblioth.
980 1070 1279 1116 Coislinianae
1303 1087 1347 1132 p.
1369 1070 1480 1117 264.

252 1160 277 1180 “
304 1155 419 1202 Cod.
460 1157 602 1203 Coisl.
641 1171 766 1203 CCIV.
811 1158 923 1203 olim
959 1172 1126 1204 CXLIII.
1165 1160 1552 1206 membranaceus
1593 1176 1657 1206 XI.

185 1251 210 1269 “
229 1245 416 1290 circiter
430 1244 604 1298 saeculi,
621 1245 839 1290 foliorum
857 1249 967 1291 312.
989 1246 1171 1292 Catena
1185 1248 1233 1292 in
1250 1246 1488 1308 Epistolas
1508 1247 1657 1293 Pauli.

185 1339 211 1358 “
236 1333 347 1378 Init.
373 1337 441 1378 τοῦ
465 1327 719 1393 κήρῦγματος
752 1332 809 1383 εἷς
832 1332 885 1377 τὰ
910 1331 992 1386 ’ἔθνη
1017 1333 1221 1394 ὃεχθέυτος
1244 1334 1348 1385 τινὲς
1370 1335 1658 1381 τῶν--Ρΐᾶέἰίῖ

183 1427 210 1447 “
236 1421 450 1482 Epistola
471 1422 530 1467 ad
550 1421 758 1467 Galatas.
811 1422 1072 1483 Scriptores
1097 1430 1258 1470 autem
1282 1426 1408 1470 unde
1433 1431 1659 1485 excerpta

185 1516 210 1534 “
235 1509 587 1556 Commentario.
614 1511 791 1564 insunt,
819 1510 1051 1557 Eusebius
1084 1511 1397 1566 Caesariensis,
1425 1513 1658 1558 Eusebius

184 1603 210 1622 ‘⁶
235 1597 510 1652 Emesenus‚
531 1597 907 1657 Chrysostomus‚
931 1599 1269 1654 Theodoretus‚
1297 1600 1511 1655 Severus,
1536 1602 1658 1646 The-

186 1692 211 1711 “
235 1686 417 1739 odorus,
439 1685 680 1747 Origenes,
704 1685 997 1741 Severianus,
1019 1687 1275 1749 Gregorius
1301 1688 1543 1743 Nazianz.‚
1568 1689 1659 1749 Cy-

185 1778 210 1797 “
233 1772 377 1826 rillus,
414 1772 688 1819 Theodorus
738 1774 1121 1835 Mopsuestenus,
1171 1776 1457 1830 Gennadius,
1506 1775 1659 1822 Atha-

183 1868 211 1886 “
235 1862 403 1915 nasius,
430 1842 676 1922 Didymus.

250 1981 275 2000 ‘⁶
302 1979 392 2020 Fol.
411 1990 464 2033 47
491 1979 533 2020 in
561 1979 702 2035 Epist.
729 1980 784 2021 ad
807 1980 1034 2036 Ephesios.

248 2058 277 2077 “
303 2056 394 2096 Fol.
421 2068 503 2112 109
528 2056 572 2097 in
597 2056 739 2112 Epist.
764 2058 819 2098 ad
844 2057 1156 2113 Philippenses,

249 2135 277 2154 ‘⁶
302 2133 394 2174 Fol.
419 2146 502 2192 139
528 2133 571 2173 in
598 2134 739 2188 Epist.
765 2134 820 2174 ad
844 2133 1135 2176 colossenses.

246 2212 274 2231 ‘⁶
301 2210 392 2252 Fol.
417 2207 496 2252 161
524 2225 634 2252 vers.
659 2210 703 2251 in
729 2210 870 2266 Epist.
899 2225 917 2252 1
946 2212 1000 2252 ad
1023 2212 1440 2255 Thessalonicenses.

246 2289 276 2309 “
301 2287 393 2328 Fol.
417 2298 495 2341 177
521 2286 566 2327 in
591 2287 734 2342 Epist.
763 2301 786 2331 2
811 2288 865 2328 ad
887 2288 1304 2331 Thessalonicenses.

246 2365 273 2386 ‘⁶
299 2364 389 2404 Fol.
415 2365 490 2405 181
519 2378 628 2405 vers.
653 2364 697 2405 in
722 2364 864 2419 Epist.
895 2378 911 2405 1
940 2365 994 2406 ad
1017 2362 1308 2407 Timotheum.

247 2443 272 2463 ‘⁶
298 2441 390 2483 Fol.
412 2454 496 2486 210
520 2455 629 2482 vers.
656 2440 700 2482 in
726 2441 867 2505 Epist.
896 2454 918 2485 2
943 2442 998 2483 ad
1022 2438 1314 2489 Timotheum.

245 2521 272 2540 ‘⁶
298 2518 390 2560 Fol.
413 2531 494 2574 223
520 2532 629 2560 vers.
655 2517 699 2559 in
724 2518 866 2574 Epist.
891 2519 946 2560 ad
968 2519 1132 2561 Titum.

246 2598 273 2617 ‘⁶
300 2595 391 2636 Fol.
414 2608 491 2651 231
519 2595 564 2636 in
588 2595 730 2651 Epist.
755 2596 809 2637 ad
835 2596 1099 2639 Philemona.

245 2674 273 2693 “
298 2671 389 2713 Fol.
411 2685 495 2728 234
518 2687 626 2714 vers.
653 2672 698 2714 in
723 2672 867 2728 Epist.
894 2674 948 2715 ad
974 2673 1198 2716 Hebraeos.

246 2789 272 2807 ‘⁶
292 2782 425 2828 Ante
451 2786 548 2828 243
570 2784 703 2828 deest
721 2783 901 2828 folium.
973 2783 1074 2829 Fol.
1096 2788 1187 2830 311
1218 2790 1323 2844 post
1347 2785 1488 2830 finem
1514 2784 1655 2830 Com-

178 2875 204 2894 “
223 2876 370 2915 ment.
390 2871 438 2914 in
459 2870 612 2931 Epist.
632 2871 691 2916 ad
715 2870 943 2917 Hebraeos
966 2872 1065 2917 haec
1088 2872 1336 2918 habentur.
1386 2870 1539 2932 Θεωρία
1563 2870 1652 2932 περὶ

179 2964 207 2982 “
233 2961 305 3012 τῆς
330 2961 471 3013 σκηνῆς
507 2954 574 3003 καὶ
606 2956 651 3002 τί
681 2957 825 3015 δήποτε
860 2957 981 3015 αὐτὴν
1013 2959 1195 3021 γενέσθαι
1229 2959 1469 3022 προσέταξεν
1492 2961 1510 3006 o‘
1534 2959 1653 3012 Θεᾶς.

891 3063 965 3093 82
