1982 3354
336 224 375 260 iv
782 220 1067 259 MONITUM
1098 219 1362 258 LECTORI.

335 338 360 358 ‘⁶
381 332 592 377 Initium.
629 327 757 380 Αὗτός
775 330 793 374 ὃ
813 328 1007 385 δεσπότης
1029 327 1130 379 Θεὲς
1149 329 1218 385 τὴν
1237 326 1368 374 αἰτίαν
1387 328 1611 385 δεδήλωκεν.
1650 328 1798 374 Deest

335 427 360 445 “
384 419 622 479 quidpiam
646 419 695 463 in
720 419 853 463 fine.'’

402 507 535 566 Opus
559 511 719 551 autem
743 505 845 557 hoc,
865 511 919 550 ut
944 511 1145 551 testatur
1168 506 1334 551 titulus
1358 505 1469 551 alibi
1493 520 1595 550 raro
1621 504 1799 556 obvius,

338 594 597 654 (ἐξηγητικῶν
621 591 790 654 ἓκλογῶυ
825 590 967 652 τόμοι,)
1005 599 1076 638 est
1109 593 1330 653 Epitome
1366 593 1628 652 amplorum
1661 591 1803 637 Com-

337 683 670 728 mentariorum
706 697 734 726 a
766 682 957 726 diversis
994 680 1213 726 Patribus
1242 681 1288 724 in
1323 680 1370 725 S.
1398 680 1532 725 Pauli
1568 679 1803 740 Epistolas

338 772 675 816 confectorum.
759 768 827 813 Hi
873 770 1167 829 potissimum
1209 774 1317 814 sunt
1359 769 1565 814 Joannes
1604 768 1803 828 Chryso·
1853 823 1855 826 r

338 866 533 913 stemus,
560 858 839 904 Severianus
873 856 1161 908 Gabalensis‚
1192 866 1240 901 et
1275 856 1547 901 Theodorus
1578 855 1805 915 Mopsue-

339 953 526 1000 stenus3
563 946 642 1005 qui
666 946 715 990 in
733 945 970 990 universas
990 944 1224 1004 Epistolas
1243 944 1553 998 adhibentur;
1582 944 1804 988 admixtis

338 1042 497 1082 autem
546 1034 742 1079 aliorum
799 1033 1094 1086 testimoniis,
1138 1034 1217 1077 sed
1265 1033 1419 1076 minus
1467 1031 1804 1091 frequentibus.

340 1123 604 1183 Saepissime
639 1127 798 1166 autem
822 1121 871 1164 iu
904 1119 1163 1179 Epistulam
1200 1121 1257 1164 ad
1296 1119 1525 1179 Ephesios
1557 1119 1806 1164 adducitur

341 1211 583 1272 Origenes,
616 1210 665 1253 in
703 1209 823 1253 bene
858 1207 1051 1266 prolixis
1086 1207 1400 1259 citationibus,
1426 1222 1528 1266 quae
1563 1203 1639 1251 ἀπὸ
1677 1211 1806 1263 φωνῆς

340 1300 484 1358 ipsius
523 1298 681 1358 magni
725 1295 1003 1354 Interpretis
1038 1309 1249 1339 manasse
1291 1295 1512 1339 dicuntur
1552 1310 1596 1354 p.
1625 1297 1720 1340 225
1756 1294 1805 1338 in

340 1385 417 1428 fin.
502 1383 559 1427 In
597 1381 857 1442 Epistolam
899 1387 1059 1426 autem
1100 1382 1158 1426 ad
1198 1380 1425 1427 Hebraeos
1466 1381 1806 1427 numerosiores

342 1477 450 1517 sunt
492 1470 930 1523 Commentatores3
978 1469 1101 1514 inter
1141 1485 1256 1528 quos
1304 1470 1469 1529 saepius
1509 1469 1808 1514 adducuntur

343 1558 631 1604 Athanasius
667 1564 715 1602 et
751 1557 965 1617 Cyrillus.
1037 1555 1317 1601 Notandum
1353 1562 1513 1602 autem
1552 1557 1676 1616 quod
1710 1556 1808 1602 Ex—

343 1653 529 1708 cerptor
569 1647 732 1706 saepius
774 1645 970 1690 Patrum
1012 1645 1201 1689 nomina
1243 1645 1449 1699 omittit;
1500 1644 1701 1690 transitu
1748 1644 1807 1689 ab

343 1750 437 1779 uno
472 1734 530 1778 ad
565 1733 708 1778 alium
745 1732 1037 1778 solummodo
1073 1737 1238 1777 notato
1271 1732 1471 1777 formula
1501 1728 1647 1782 Ἄλλος
1684 1730 1805 1788 φησί.

346 1823 457 1867 Non
485 1837 587 1867 raro
623 1827 782 1866 autem
809 1820 1018 1865 Nomina
1049 1821 1148 1880 ipsa
1183 1821 1229 1864 in
1258 1821 1468 1881 margine
1493 1820 1679 1866 Codicis
1703 1835 1809 1879 sup-

347 1909 547 1969 plentur.

414 1996 578 2041 Codex
594 1996 784 2055 quidem
802 1996 899 2055 ipse
919 1996 1167 2040 undecimo
1186 1995 1360 2042 saeculo
1378 1996 1572 2041 ineunte
1591 2001 1809 2041 exaratus

348 2084 589 2144 eleganter
607 2084 796 2143 quidem
821 2083 1020 2142 scriptus
1043 2091 1129 2136 est,
1155 2085 1235 2128 sed
1260 2084 1549 2144 compendiis
1573 2083 1808 2136 abundat;

347 2171 546 2230 ideoque
569 2186 663 2215 non
686 2186 787 2215 raro
807 2169 1007 2216 difficilis
1030 2170 1159 2215 lectu
1176 2177 1272 2225 est3
1310 2178 1358 2216 et
1378 2186 1542 2216 vereor
1563 2186 1623 2216 ne
1648 2170 1811 2217 Scriba

351 2258 632 2311 Parisiensis,
670 2259 802 2317 cujus
843 2273 984 2317 opera
1028 2259 1076 2302 in
1114 2274 1170 2303 eo
1206 2259 1511 2304 describendo
1546 2273 1657 2304 usus
1692 2273 1808 2311 sum,

350 2361 444 2390 non
468 2360 651 2405 semper
669 2345 854 2391 Codicis
878 2346 1131 2391 lectionem
1151 2362 1259 2392 vere
1282 2347 1701 2407 repraesentaverit.
1753 2347 1811 2391 In

351 2432 683 2492 Chrysostomo
702 2433 976 2492 caeterisque
999 2433 1230 2485 Patribus,
1251 2434 1328 2494 qui
1353 2434 1493 2479 hodie
1517 2434 1661 2480 etiam
1685 2449 1812 2479 com-

351 2525 528 2579 parent,
551 2520 813 2565 istiusmodi
838 2535 1013 2565 errores
1042 2520 1288 2565 commode
1320 2521 1470 2566 sanari
1505 2526 1725 2581 possunt;
1762 2522 1812 2566 in

352 2607 443 2652 illis
466 2613 625 2653 autem
649 2622 846 2667 quorum
880 2622 1018 2668 opera
1045 2608 1328 2667 jamdudum
1361 2608 1595 2663 interiere,
1619 2608 1668 2653 id
1691 2623 1811 2655 asse-

353 2697 444 2754 qui,
469 2696 558 2740 nisi
581 2696 848 2755 conjectura
872 2695 982 2749 sola,
1007 2711 1102 2741 non
1126 2695 1259 2741 nobis
1283 2711 1554 2742 concessum
1579 2702 1663 2742 est.
