2008 3354
905 639 1303 691 ΚΕΦΑΛΑΙΑ

981 787 1072 818 ΤΗΣ
1100 787 1219 819 ΠΡΟΣ

702 907 1119 951 ΚΟΛΟΣΣΑΕΙΣ
1162 908 1561 950 ΕΠΙΣΤΟΛΗΣ.

433 1126 482 1169 α’.
518 1125 764 1182 Εὗχαριστία
784 1125 869 1180 ὑπὲρ
892 1124 1151 1172 Κολοσσαὲων,
1175 1122 1419 1164 οἴκειωθέντων
1441 1126 1530 1178 Θεῷ
1549 1124 1602 1164 ἐπ’
1624 1123 1751 1164 ἐλπίδι.

433 1216 485 1268 β’.
517 1217 628 1271 Εὔχὴ
659 1215 744 1269 ὑπὲρ
775 1217 894 1255 αὐτῶν
922 1216 967 1261 εἰς
995 1213 1126 1263 σοφίαν
1153 1213 1369 1268 πρακτικὴν,
1392 1214 1439 1259 εἷς
1466 1211 1614 1264 δύναμιν
1643 1215 1828 1264 ὑπομονῆς,

605 1283 670 1323 σὺν
691 1280 916 1337 εὐχαριστίᾳ
935 1283 996 1329 τῆς
1018 1279 1229 1326 οἷκειῶσεως
1249 1282 1312 1327 τῆς
1332 1280 1366 1317 ἐν
1389 1278 1575 1331 καθάρσει.

434 1371 489 1427 γ’.
530 1371 625 1424 Περὶ
653 1374 716 1419 τῆς
748 1372 781 1410 ἐν
808 1371 961 1425 Χριστῷ
990 1368 1142 1417 κτίσεως
1173 1368 1235 1410 καὶ
1257 1368 1480 1416 ἀνακτίσεως
1507 1372 1569 1417 τῆς
1597 1370 1698 1409 κατὰ
1718 1367 1830 1409 συνά-

607 1439 707 1480 φειαν
728 1428 841 1467 Θεοῦ.

436 1515 465 1556 ’δ’
469 1547 479 1558 .
498 1515 593 1569 Περὶ
624 1515 725 1556 ἐθνῶν
754 1516 1004 1569 προσαγωγῆς
1029 1516 1091 1563 τῆς
1122 1517 1156 1554 ἐν
1185 1513 1332 1567 σώματι
1358 1517 1524 1569 Χριστοῦ
1549 1512 1612 1553 καὶ
1642 1512 1744 1553 πάθει
1774 1514 1834 1553 διαὶ

605 1581 774 1629 πίστεως.

439 1670 479 1713 ε’.
513 1670 604 1725 Περὶ
634 1674 696 1719 τῆς
727 1671 785 1709 διὰ
814 1675 885 1710 τῶν
909 1669 1020 1710 πόνων
1048 1671 1158 1710 αὐτοῦ
1187 1671 1351 1725 διδαχῆς,
1373 1673 1615 1719 ἁνακτητικῆς
1644 1672 1692 1718 εἷς
1716 1670 1834 1725 παρά-

609 1754 743 1779 στασιν
764 1740 877 1778 Θεοῦ.

440 1826 488 1873 ς’.
526 1826 621 1881 Περὶ
660 1830 724 1865 τοῦ
762 1827 811 1877 μὴ
852 1824 1059 1879 ὑπάγεσθαι
1091 1825 1286 1881 ἀνθρωπίνῃ
1323 1825 1435 1881 σοφίᾳ
1465 1828 1651 1881 ἀπατηλῇ,
1688 1826 1770 1872 τοὺς
1801 1827 1836 1866 ὲν

611 1895 764 1948 Χριστῷ
783 1894 846 1942 τὴν
865 1891 994 1944 σοφίας
1015 1891 1182 1946 ἔχοντας.

443 1981 473 2032 ζ’
478 2013 486 2022 .
507 1980 598 2021 ’Ότι
619 1985 639 2030 ἡ
659 1982 744 2033 πρὸς
764 1981 861 2021 Θεὸν
883 1980 1058 2033 συνάφεια
1089 1979 1152 2020 καὶ
1179 1981 1229 2020 τὰ
1254 1983 1318 2019 τοῦ
1338 1978 1444 2030 νόμου
1464 1977 1624 2033 περιέχει
1643 1993 1837 2030 πνευματι-

614 2053 697 2096 κῶς,
719 2051 766 2096 εἰς
786 2048 827 2088 τὸ
848 2051 957 2104 συζῇν
977 2051 1145 2103 Χριστῷ.

443 2136 488 2188 η’.
512 2136 606 2178 ’Ότι
627 2141 658 2178 οἶ
675 2142 739 2178 τοῦ
767 2142 945 2192 σαρκικοῦ
973 2137 1079 2190 νόμου
1105 2136 1224 2184 τύποι,
1246 2137 1434 2190 σαρκικοῖς
1459 2134 1650 2190 χρήσιμοι,
1672 2136 1710 2175 οὐ
1737 2151 1839 2175 πνευ-

614 2207 785 2258 ματικοῖς
803 2207 879 2252 τοῖς
898 2207 932 2244 ἐν
952 2204 1098 2257 δυνάμει
1120 2206 1285 2256 Χριστοῦ
1307 2206 1426 2254 ζῶσιν.

446 2293 484 2335 θ’.
526 2291 751 2348 Παραίνεσις
780 2293 1001 2348 καθάρσεως,
1033 2293 1240 2345 οἱγιασμοῦ,
1272 2289 1548 2346 φιλανθρωπίας,
1580 2289 1838 2343 φιλοθεότητος,

617 2359 866 2412 φιλομαθείας,
883 2358 1120 2414 ψαλμῳὸίας,
1143 2358 1298 2412 εὐφήμου
1320 2360 1366 2405 εἰς
1387 2359 1484 2398 Θεὸν
1504 2358 1703 2413 διαγωγῆς,
1725 2359 1841 2413 εόχα-

617 2423 772 2479 ριστίας.

448 2513 484 2557 ι’.
513 2516 573 2555 To}
593 2514 678 2569 πρὸς
697 2513 778 2561 τοὺς
799 2512 944 2561 οἰκείους
964 2516 1210 2565 ὁμονοητικῶς.
